<record><leader>00000cas a22000007a 4500</leader><controlfield tag="001">10208583</controlfield><controlfield tag="008">831210d19001904ohuwr ne      0    0eng d</controlfield><datafield ind1=" " ind2=" " tag="010"><subfield code="a">sn 83035649 </subfield></datafield><datafield ind1=" " ind2=" " tag="040"><subfield code="a">NPY</subfield><subfield code="b">eng</subfield><subfield code="c">NPY</subfield><subfield code="d">OCL</subfield><subfield code="d">OCLCQ</subfield></datafield><datafield ind1=" " ind2=" " tag="042"><subfield code="a">msc</subfield></datafield><datafield ind1="0" ind2="4" tag="245"><subfield code="a">The Nottingham citizen.</subfield></datafield><datafield ind1=" " ind2=" " tag="260"><subfield code="a">Nottingham, Ohio :</subfield><subfield code="b">John Shackson</subfield></datafield><datafield ind1=" " ind2=" " tag="300"><subfield code="a">v. :</subfield><subfield code="b">ill. ;</subfield><subfield code="c">54 cm.</subfield></datafield><datafield ind1=" " ind2=" " tag="310"><subfield code="a">Weekly</subfield></datafield><datafield ind1="1" ind2=" " tag="362"><subfield code="a">Began with Jan. 26, 1900 issue; ceased in 1904?</subfield></datafield><datafield ind1=" " ind2=" " tag="500"><subfield code="a">Published on Friday.</subfield></datafield><datafield ind1=" " ind2=" " tag="500"><subfield code="a">Publishers: John Shackson, Jan. 26, 1900-May 11, 1900; Frank A. Bowman, &lt;1901-1904&gt;.</subfield></datafield><datafield ind1=" " ind2=" " tag="500"><subfield code="a">Subtitle varies.</subfield></datafield><datafield ind1=" " ind2=" " tag="500"><subfield code="a">Editor: Frank A. Bowman.</subfield></datafield><datafield ind1=" " ind2=" " tag="521"><subfield code="a">"Devoted to the interests of the village of Nottingham."</subfield></datafield><datafield ind1=" " ind2=" " tag="580"><subfield code="a">The Citizen (Collinwood, Ohio) was issued concurrently by the same publisher with identical numbering.</subfield></datafield><datafield ind1=" " ind2=" " tag="588"><subfield code="a">Description based on: Vol. 1, no. 2 (Feb. 2, 1900).</subfield></datafield><datafield ind1="1" ind2=" " tag="700"><subfield code="a">Shackson, John.</subfield></datafield><datafield ind1="1" ind2=" " tag="700"><subfield code="a">Bowman, Frank A.</subfield></datafield><datafield ind1=" " ind2=" " tag="752"><subfield code="a">United States</subfield><subfield code="b">Ohio</subfield><subfield code="c">Cuyahoga</subfield><subfield code="d">Nottingham.</subfield></datafield><datafield ind1="0" ind2=" " tag="787"><subfield code="t">Citizen (Collinwood, Ohio : 1900)</subfield><subfield code="w">(DLC)sn 83035648</subfield></datafield><datafield ind1="1" ind2=" " tag="029"><subfield code="a">AU@</subfield><subfield code="b">000025786793</subfield></datafield></record>